@INBOOK{Ponomarenko79,
	author = "Пономаренко, Л. А.",
	title = "Организующая система",
	booktitle = "Автоматизация технологических процессов
	в прокатном производстве",
	address   = "М.",
	publisher = "Металлургия",
	year = 1979,
	pages = "141-148",
	language = "russian"
}
@Book{Landau:eldin,
	author = "Л. Д. Ландау and Е. М. Лифшиц",
	title   = "Теоретическая физика: учебное пособие в 10~т.",
	publisher       = "Наука. Гл. ред. физ.-мат. лит.",
	address = "М.",
	year    = 1992,
	volume = "VIII. Электродинамика сплошных сред",
	edition = "3-е, испр.",
	language = "russian"
}
@BOOK{Grosse80,
	author = "Гроссе, Э. and Вайсмангель, Х.",
	title = "Химия для любознательных: Пер. с нем.",
	address   = "М.",
	publisher = "Химия",
	year = 1980,
	numpages = 392,
	language = "russian"
}
% Журнал
@Article{Ponomarenko86a,
	author = "Пономаренко, Л. А. and Меликов, А. З.",
	title = "Ситуационное управление многоканальной системой
	с переменной структурой обслуживания неоднородного потока",
	journal = "Изв. АН Азерб. Респ. Сер. физ.-техн. и мат.наук",
	year = 1986,
	volume = 7,
	number = 6,
	pages = "79-83",
	language = "russian"
}
% Стандарт
@BOOK{GOST7184,
	title = "ГОСТ 7.1.-84. Библиографическое описание документа.
	Общие требования и правила составления.
	--- Взамен ГОСТ 7.1.-76; Введ. 01.01.86.",
	address   = "М.",
	publisher = "Изд-во стандартов",
	year = 1984,
	numpages = 78,
	language = "russian"
}
% Интернет-ресурс
@misc{wiki:debian,
	author = "Википедия",
	title = "Debian --- Википедия{,} свободная энциклопедия",
	year = "2009",
	url = "http://ru.wikipedia.org/?oldid=13469426",
	note = "[Online; accessed 30-январь-2009]"
 }
@Book{Bacon:2007:PPM,
  author =	"Jono Bacon",
  title =	"Practical {PHP} and {MySQL}: building eight dynamic
		 {Web} applications",
  publisher =	"Pren{\-}tice-Hall",
  address =	"pub-PH:adr",
  pages =	"\uppercase\expandafter{\romannumeral 13}, 512",
  year = 	"2007",
  ISBN = 	"0-13-223997-3 (paperback)",
  isbn-13 =	"978-0-13-223997-4 (paperback)",
  LCCN = 	"TK5105.888 .B325 2007",
  bibdate =	"Wed Jun 25 17:33:31 MDT 2008",
  bibsource =	"melvyl.cdlib.org:210/CDL90;
		 z3950.loc.gov:7090/Voyager",
  series =	"Negus live Linux series",
  URL =  	"http://www.loc.gov/catdir/toc/ecip0619/2006027701.html",
  acknowledgement = "Nelson H. F. Beebe, University of Utah, Department
		 of Mathematics, 110 LCB, 155 S 1400 E RM 233, Salt Lake
		 City, UT 84112-0090, USA, Tel: +1 801 581 5254, FAX: +1
		 801 581 4148, e-mail: \path|beebe@math.utah.edu|,
		 \path|beebe@acm.org|, \path|beebe@computer.org|
		 (Internet), URL:
		 \path|http://www.math.utah.edu/~beebe/|",
  subject =	"MySQL (Electronic resource); PHP (Computer program
		 language); Web site development",
}

@Book{Koterov:PPH5,
	author = "Котеров, Д. В. and Костарев, А. Ф.",
	title   = "PHP 5.",
	publisher = "БХВ-Петербург",
	address = "СПб.",
	year    = 2005,
	numpages = 1120,
	language = "russian"
}

@BOOK{ProfPHP,
  title = "Профессиональное РНР программирование : Пер. с англ.",
  author = "Аргерих, Л. and others",
  edition = "2-е",
  address   = "СПб.",
  publisher = "Символ-Плюс",
  year = 2003,
  numpages = 1048,
  language = "russian"
}

 @misc{ wiki:Apache,
   author = "Википедия",
   title = "Apache --- Википедия{,} свободная энциклопедия",
   year = "2009",
   url = "http://ru.wikipedia.org/?oldid=15326288",
   note = "[Online; accessed 1-май-2009]"
 }

@BOOK{Harris:PHP,
  title = "PHP/MySQL для начинающих : Пер. с англ.",
  author = "Харрис, Э.",
  address   = "М.",
  publisher = "КУДИЦ-ОБРАЗ",
  year = 2005,
  numpages = 384,
  language = "russian"
}

@Article{Evdokimov, 
    author = "Евдокимов, М.",
    title = "Динамический Web-сайт",
    journal = "КомпьютерПресс",
    year = 2001,
    number = 6,
    language = "russian"
}

@BOOK{Laura,
  title = "Разработка Web-приложений на РНР и MySQL : Пер. с англ.",
  author = "Томсон, Лаура and Веллинг, Люк",
  edition = "2-е, испр.",
  address   = "СПб.",
  publisher = "ООО <<ДиаСофтЮП>>",
  year = 2003,
  numpages = 672,
  language = "russian"
}

@BOOK{usilitel,
  title = "Расчёт электронных устройств на транзисторах",
  author = "Бочаров, Л. Н. and Жебряков, С. К.
    and Колесников, И. Ф.",
  address   = "М.",
  publisher = "Энергия,",
  year = 1978,
  numpages = 208,
  language = "russian"
}

@Book{tranzist,
  title = "Транзисторы для аппаратуры широкого применения: Справочник",
  author = "Брежнева, К. М. and Гантман, Е. И.
    and Давыдова, Т. И. and others",
  address = "М.",
  publisher = "Радио и связь",
  year = "1981",
  editor = "Перельмана, Б. Л.",
  pages = "29-31",
  language = "russian"
}

@misc{wiki:MD5,
   author = "Википедия",
   title = "MD5 --- Википедия{,} свободная энциклопедия",
   year = "2009",
   url = "http://ru.wikipedia.org/?oldid=15740489",
   note = "[Online; accessed 16-май-2009]"
 }

@Book{JavaScript,
  title = "HTML, CSS, скрипты: практика создания сайтов",
  author = "Ломов, А. Ю.",
  address = "СПб.",
  publisher = "БХВ-Петербург",
  year = "206",
  numpages = "416",
  language = "russian"
}
